<record><leader>00000cas a22000007a 4500</leader><controlfield tag="001">12957066</controlfield><controlfield tag="008">851227d18571858gauwr ne      0    0eng d</controlfield><datafield ind1=" " ind2=" " tag="010"><subfield code="a">sn 85027106 </subfield></datafield><datafield ind1=" " ind2=" " tag="040"><subfield code="a">NPX</subfield><subfield code="b">eng</subfield><subfield code="c">NPX</subfield><subfield code="d">PPM</subfield><subfield code="d">NLG</subfield><subfield code="d">OCLCQ</subfield></datafield><datafield ind1=" " ind2=" " tag="042"><subfield code="a">msc</subfield></datafield><datafield ind1="0" ind2="0" tag="245"><subfield code="a">Atlanta weekly intelligencer and examiner.</subfield></datafield><datafield ind1=" " ind2=" " tag="260"><subfield code="a">Atlanta, Ga. :</subfield><subfield code="b">Duncan &amp; Lochrane</subfield></datafield><datafield ind1=" " ind2=" " tag="300"><subfield code="a">v.</subfield></datafield><datafield ind1=" " ind2=" " tag="310"><subfield code="a">Weekly</subfield></datafield><datafield ind1="1" ind2=" " tag="362"><subfield code="a">Began in 1857? Ceased in 1858?</subfield></datafield><datafield ind1=" " ind2=" " tag="500"><subfield code="a">Editor: John H. Steele, &lt;1857&gt;.</subfield></datafield><datafield ind1=" " ind2=" " tag="588"><subfield code="a">Description based on: New ser., v. 1, no. 8 (Nov. 19, 1857).</subfield></datafield><datafield ind1=" " ind2=" " tag="752"><subfield code="a">United States</subfield><subfield code="b">Georgia</subfield><subfield code="c">Fulton</subfield><subfield code="d">Atlanta.</subfield></datafield><datafield ind1="0" ind2=" " tag="775"><subfield code="t">Atlanta daily intelligencer and examiner</subfield><subfield code="w">(DLC)sn 89053737</subfield></datafield><datafield ind1="0" ind2="0" tag="780"><subfield code="t">Atlanta weekly examiner</subfield><subfield code="w">(DLC)sn 90052349</subfield></datafield><datafield ind1="0" ind2="0" tag="785"><subfield code="t">Atlanta weekly intelligencer (Atlanta, Ga. : 1858)</subfield><subfield code="w">(DLC)sn 91074142</subfield></datafield></record>